% ------------ Reading papers -------------

@article{keshav2007read,
    title={How to read a paper},
    author={Keshav, Srinivasan},
    journal={ACM SIGCOMM Computer Communication Review},
    volume={37},
    number={3},
    pages={83--84},
    year={2007},
    publisher={ACM New York, NY, USA}
}


% -----------------------------------------

% ------------ Writing papers -------------

@book{hall2008write,
    title={How to write a paper},
    author={Hall, George M and Sestak, Z},
    year={2008},
    publisher={Wiley Online Library}
}

@book{zobel2004writing,
    title={Writing for computer science},
    author={Zobel, Justin},
    volume={8},
    year={2004},
    publisher={Springer}
}

% -----------------------------------------